@Book{MemoryBaddeleyEysenkAnderson,
	author = {Alan Baddeley, Michael Eysenck and Michael Anderson},
	title = {Memory},
	year =	2015,
	edition = {2nd},
	publisher = {Psychology Press},
	ISBN = {978-1-84872-183-8}
}

@Book{NLPHandbook,
	author = {Nitin Indurkhya, Fred Damerau},
	title = {Handbook of Natural Language Processing},
	year = 2010,
	edition = {2nd},
	publisher = {Taylor and Francis Group},
	ISBN = {978-1-4200-8593-8}
}

